@Misc{Hydra,
  author =       {Omry Yadan},
  title =        {Hydra - A framework for elegantly configuring complex applications},
  howpublished = {Github},
  year =         {2019},
  url =          {https://github.com/facebookresearch/hydra}
}

@article{XARRAY,
  title     = {xarray: {N-D} labeled arrays and datasets in {Python}},
  author    = {Hoyer, S. and J. Hamman},
  journal   = {Journal of Open Research Software},
  volume    = {5},
  number    = {1},
  year      = {2017},
  publisher = {Ubiquity Press},
  doi       = {10.5334/jors.148},
  url       = {https://doi.org/10.5334/jors.148}
}

@misc{JupyterBook,
  author       = {Executable Books Community},
  title        = {Jupyter Book},
  month        = feb,
  year         = 2020,
  publisher    = {Zenodo},
  version      = {v0.10},
  doi          = {10.5281/zenodo.4539666},
  url          = {https://doi.org/10.5281/zenodo.4539666}
}

@misc{PYTORCH,
title = {PyTorch: An Imperative Style, High-Performance Deep Learning Library},
author = {Paszke, Adam and Gross, Sam and Massa, Francisco and Lerer, Adam and Bradbury, James and Chanan, Gregory and Killeen, Trevor and Lin, Zeming and Gimelshein, Natalia and Antiga, Luca and Desmaison, Alban and Kopf, Andreas and Yang, Edward and DeVito, Zachary and Raison, Martin and Tejani, Alykhan and Chilamkurthy, Sasank and Steiner, Benoit and Fang, Lu and Bai, Junjie and Chintala, Soumith},
booktitle = {Advances in Neural Information Processing Systems 32},
pages = {8024--8035},
year = {2019},
publisher = {Curran Associates, Inc.},
url = {http://papers.neurips.cc/paper/9015-pytorch-an-imperative-style-high-performance-deep-learning-library.pdf}
}

@misc{LIGHTNING,
author = {Falcon, William and {The PyTorch Lightning team}},
doi = {10.5281/zenodo.3828935},
license = {Apache-2.0},
month = mar,
title = {{PyTorch Lightning}},
url = {https://github.com/Lightning-AI/lightning},
version = {1.4},
year = {2019}
}

@inproceedings{TENSORFLOW,
  author = {Abadi, Mart{\'\i}n and Barham, Paul and Chen, Jianmin and Chen, Zhifeng and Davis, Andy and Dean, Jeffrey and Devin, Matthieu and Ghemawat, Sanjay and Irving, Geoffrey and Isard, Michael and others},
  biburl = {https://www.bibsonomy.org/bibtex/22834a1ec939cfe0482abf3181841f797/loroch},
  booktitle = {OSDI},
  interhash = {3a89697de070f83595f133702c43f69b},
  intrahash = {2834a1ec939cfe0482abf3181841f797},
  keywords = {deep_learning tensorflow whitepaper},
  pages = {265--283},
  timestamp = {2018-06-26T11:08:58.000+0200},
  title = {TensorFlow: A System for Large-Scale Machine Learning.},
  volume = 16,
  year = 2016
}




@misc{KERAS,
  title={Keras},
  author={Chollet, Fran\c{c}ois and others},
  year={2015},
  howpublished={\url{https://keras.io}},
}


@misc{DVC,
  author       = {Ruslan Kuprieiev and
                  skshetry and
                  Peter Rowlands and
                  Dmitry Petrov and
                  Paweł Redzyński and
                  Casper da Costa-Luis and
                  David de la Iglesia Castro and
                  Alexander Schepanovski and
                  Gao and
                  Ivan Shcheklein and
                  Batuhan Taskaya and
                  Jorge Orpinel and
                  Dave Berenbaum and
                  Fábio Santos and
                  daniele and
                  Ronan Lamy and
                  Aman Sharma and
                  Zhanibek Kaimuldenov and
                  Dani Hodovic and
                  Nikita Kodenko and
                  Andrew Grigorev and
                  Earl and
                  Nabanita Dash and
                  George Vyshnya and
                  maykulkarni and
                  Max Hora and
                  Vera and
                  Sanidhya Mangal},
  title        = {DVC: Data Version Control - Git for Data \& Models},
  month        = may,
  year         = 2023,
  publisher    = {Zenodo},
  version      = {2.58.2},
  doi          = {10.5281/zenodo.7990791},
  url          = {https://doi.org/10.5281/zenodo.7990791}
}