@Article{bfn, 
      author = "Le Guillou, Florian  and Sammy Metref and Emmanuel Cosme and Clément Ubelmann and Maxime Ballarotta and Julien Le Sommer and Jacques Verron",
      title = "Mapping Altimetry in the Forthcoming SWOT Era by Back-and-Forth Nudging a One-Layer Quasigeostrophic Model",
      journal = "JAOT",
      year = "2021",
      publisher = "American Meteorological Society",
      address = "Boston MA, USA",
      volume = "38",
      number = "4",
      doi = "10.1175/JTECH-D-20-0104.1",
      pages=      "697 - 710",
      url = "https://journals.ametsoc.org/view/journals/atot/38/4/JTECH-D-20-0104.1.xml"
}

@ARTICLE{morrow2019,
  
AUTHOR={Morrow, Rosemary and Fu, Lee-Lueng and Ardhuin, Fabrice and Benkiran, Mounir and Chapron, Bertrand and Cosme, Emmanuel and d’Ovidio, Francesco and Farrar, J. Thomas and Gille, Sarah T. and Lapeyre, Guillaume and Le Traon, Pierre-Yves and Pascual, Ananda and Ponte, Aurélien and Qiu, Bo and Rascle, Nicolas and Ubelmann, Clement and Wang, Jinbo and Zaron, Edward D.},   
	 
TITLE={Global Observations of Fine-Scale Ocean Surface Topography With the Surface Water and Ocean Topography (SWOT) Mission},      
	
JOURNAL={Frontiers in Marine Science},      
	
VOLUME={6},      

PAGES={232},     
	
YEAR={2019},      
	  
URL={https://www.frontiersin.org/article/10.3389/fmars.2019.00232},       
	
DOI={10.3389/fmars.2019.00232},      
	
ISSN={2296-7745},   
   
}
@article{vit,
  author    = {Alexey Dosovitskiy and
               Lucas Beyer and
               Alexander Kolesnikov and
               Dirk Weissenborn and
               Xiaohua Zhai and
               Thomas Unterthiner and
               Mostafa Dehghani and
               Matthias Minderer and
               Georg Heigold and
               Sylvain Gelly and
               Jakob Uszkoreit and
               Neil Houlsby},
  title     = {An Image is Worth 16x16 Words: Transformers for Image Recognition
               at Scale},
  journal   = {CoRR},
  volume    = {abs/2010.11929},
  year      = {2020},
  url       = {https://arxiv.org/abs/2010.11929},
  eprinttype = {arXiv},
  eprint    = {2010.11929},
  timestamp = {Fri, 20 Nov 2020 14:04:05 +0100},
  biburl    = {https://dblp.org/rec/journals/corr/abs-2010-11929.bib},
  bibsource = {dblp computer science bibliography, https://dblp.org}
}

@Article{inpaintingattn,
AUTHOR = {Uddin, S. M. Nadim and Jung, Yong Ju},
TITLE = {Global and Local Attention-Based Free-Form Image Inpainting},
JOURNAL = {Sensors},
VOLUME = {20},
YEAR = {2020},
NUMBER = {11},
ARTICLE-NUMBER = {3204},
URL = {https://www.mdpi.com/1424-8220/20/11/3204},
ISSN = {1424-8220},
}

@article{lstm,
  title={Long short-term memory},
  author={Hochreiter, Sepp and Schmidhuber, J{\"u}rgen},
  journal={Neural computation},
  volume={9},
  number={8},
  pages={1735--1780},
  year={1997},
  publisher={MIT Press}
}

@article { clemcalib,
      author = "Clément Ubelmann and Gérald Dibarboure and Pierre Dubois",
      title = "A Cross-Spectral Approach to Measure the Error Budget of the SWOT Altimetry Mission over the Ocean",
      journal = "JAOT",
      year = "2018",
      publisher = "American Meteorological Society",
      address = "Boston MA, USA",
      volume = "35",
      number = "4",
      doi = "10.1175/JTECH-D-17-0061.1",
      pages=      "845 - 857",
      url = "https://journals.ametsoc.org/view/journals/atot/35/4/jtech-d-17-0061.1.xml"
}

@article{rohrs2021,
author = {Johannes Röhrs and Graig Sutherland and Gus Jeans and Michael Bedington and Ann Kristin Sperrevik and Knut-Frode Dagestad and Yvonne Gusdal and Cecilie Mauritzen and Andrew Dale and Joseph H. LaCasce},
title = {Surface currents in operational oceanography: Key applications, mechanisms, and methods},
journal = {Journal of Operational Oceanography},
volume = {0},
number = {0},
pages = {1-29},
year  = {2021},
publisher = {Taylor & Francis},
doi = {10.1080/1755876X.2021.1903221},

URL = { 
        https://doi.org/10.1080/1755876X.2021.1903221
    
},
eprint = { 
        https://doi.org/10.1080/1755876X.2021.1903221
    
}

}

@article { dyninterp,
      author = "Maxime Ballarotta and Clément Ubelmann and Marine Rogé and Florent Fournier and Yannice Faugère and Gérald Dibarboure and Rosemary Morrow and Nicolat Picot",
      title = "Dynamic Mapping of Along-Track Ocean Altimetry: Performance from Real Observations",
      journal = "JAOT",
      year = "2020",
      publisher = "American Meteorological Society",
      address = "Boston MA, USA",
      volume = "37",
      number = "9",
      doi = "10.1175/JTECH-D-20-0030.1",
      pages=      "1593 - 1601",
      url = "https://journals.ametsoc.org/view/journals/atot/37/9/jtechD200030.xml"
}
@article{neuralode,
  author    = {Tian Qi Chen and
               Yulia Rubanova and
               Jesse Bettencourt and
               David Duvenaud},
  title     = {Neural Ordinary Differential Equations},
  journal   = {CoRR},
  volume    = {abs/1806.07366},
  year      = {2018},
  url       = {http://arxiv.org/abs/1806.07366},
  eprinttype = {arXiv},
  eprint    = {1806.07366},
  timestamp = {Mon, 22 Jul 2019 14:09:23 +0200},
  biburl    = {https://dblp.org/rec/journals/corr/abs-1806-07366.bib},
  bibsource = {dblp computer science bibliography, https://dblp.org}
}
@article{carrassi,
  TITLE = {{Data assimilation in the geosciences: An overview of methods, issues, and perspectives}},
  AUTHOR = {Carrassi, Alberto and Bocquet, Marc and Bertino, Laurent and Evensen, Geir},
  URL = {https://hal.archives-ouvertes.fr/hal-02905891},
  JOURNAL = {{Wiley Interdisciplinary Reviews: Climate Change}},
  PUBLISHER = {{Wiley}},
  VOLUME = {9},
  NUMBER = {5},
  PAGES = {e535},
  YEAR = {2018},
  MONTH = Sep,
  DOI = {10.1002/wcc.535},
  KEYWORDS = {Bayesian methods ; data assimilation ; ensemble methods ; environmental prediction},
  HAL_ID = {hal-02905891},
  HAL_VERSION = {v1},
}
@article{e2e4dvar,
author = {R. Fablet and M. M. Amar and Q. Febvre and M. Beauchamp and B. Chapron},
title = {END-TO-END PHYSICS-INFORMED REPRESENTATION LEARNING FOR SATELLITE OCEAN REMOTE SENSING DATA: APPLICATIONS TO SATELLITE ALTIMETRY AND SEA SURFACE CURRENTS},
journal = {ISPRS},
volume = {V-3-2021},
pages = {295--302},
year = {2021},
doi = {10.5194/isprs-annals-v-3-2021-295-2021}
}

@article{joint4dvar,
author = {Ronan Fablet and Maxime Beauchamp and Lucas Drumetz and François Rousseau},
title = {Joint Interpolation and Representation Learning for Irregularly Sampled Satellite-Derived Geophysical Fields},
journal = {FAMS},
volume = {7},
year = {2021},
doi = {10.3389/fams.2021.655224}
}

@inproceedings{benaichouche:hal-03139066,
  TITLE = {{Unsupervised reconstruction of sea surface currents from AIS maritime traffic data using learnable variational models}},
  AUTHOR = {Bena{\"i}chouche, Simon and Le Goff, Clement and Guichoux, Yann and Rousseau, Fran{\c c}ois and Fablet, Ronan},
  URL = {https://hal.archives-ouvertes.fr/hal-03139066},
  BOOKTITLE = {{IEEE ICASSP 2021}},
  ADDRESS = {Toronto, Canada},
  YEAR = {2021},
  MONTH = Jun,
  DOI = {10.1109/ICASSP39728.2021.9415038},
  KEYWORDS = {Variational assimilation ; surface current ; AIS ; AIS data},
  PDF = {https://hal.archives-ouvertes.fr/hal-03139066/file/icassp_2021%283%29.pdf},
  HAL_ID = {hal-03139066},
  HAL_VERSION = {v1},
}

@article{swot_challenge,
   author    =  "L. Gaultier and C. Ubelmann and L.-L. Fu",
   title     =  "The challenge of using future SWOT data for oceanic field reconstruction",
   year      =  "2016",
   journal   =  "JAOT",
   volume    =  "33",
   pages     =  "119--126"
}


@Article{duacs,
AUTHOR = {Taburet, G. and Sanchez-Roman, A. and Ballarotta, M. and Pujol, M.-I. and Legeais, J.-F. and Fournier, F. and Faugere, Y. and Dibarboure, G.},
TITLE = {DUACS~DT2018: 25~years of reprocessed  sea level altimetry products},
JOURNAL = {Ocean Science},
VOLUME = {15},
YEAR = {2019},
NUMBER = {5},
PAGES = {1207--1224},
URL = {https://os.copernicus.org/articles/15/1207/2019/},
DOI = {10.5194/os-15-1207-2019}
}


@Article{intercomp4dvar,
AUTHOR = {Beauchamp, Maxime and Fablet, Ronan and Ubelmann, Clément and Ballarotta, Maxime and Chapron, Bertrand},
TITLE = {Intercomparison of Data-Driven and Learning-Based Interpolations of Along-Track Nadir and Wide-Swath SWOT Altimetry Observations},
JOURNAL = {Remote Sensing},
VOLUME = {12},
YEAR = {2020},
NUMBER = {22},
ARTICLE-NUMBER = {3806},
URL = {https://www.mdpi.com/2072-4292/12/22/3806},
ISSN = {2072-4292},
DOI = {10.3390/rs12223806},
}

@ARTICLE{glorys,
  
AUTHOR={Jean-Michel, Lellouche and Eric, Greiner and Romain, Bourdallé-Badie and Gilles, Garric and Angélique, Melet and Marie, Drévillon and Clément, Bricaud and Mathieu, Hamon and Olivier, Le Galloudec and Charly, Regnier and Tony, Candela and Charles-Emmanuel, Testut and Florent, Gasparin and Giovanni, Ruggiero and Mounir, Benkiran and Yann, Drillet and Pierre-Yves, Le Traon},   
	 
TITLE={The Copernicus Global 1/12° Oceanic and Sea Ice GLORYS12 Reanalysis},      
	
JOURNAL={Frontiers in Earth Science},      
	
VOLUME={9},      

PAGES={585},     
	
YEAR={2021},      
	  
URL={https://www.frontiersin.org/article/10.3389/feart.2021.698876},       
	
DOI={10.3389/feart.2021.698876},      
	
ISSN={2296-6463},   
}

@book{aubert2006mathematical,
  title={Mathematical problems in image processing: partial differential equations and the calculus of variations},
  author={Aubert, Gilles and Kornprobst, Pierre and Aubert, Giles},
  volume={147},
  year={2006},
  publisher={Springer}
}

@incollection{blum2009data,
  title={Data assimilation for geophysical fluids},
  author={Blum, Jacques and Le Dimet, Fran{\c{c}}ois-Xavier and Navon, I Michael},
  booktitle={Handbook of numerical analysis},
  volume={14},
  pages={385--441},
  year={2009},
  publisher={Elsevier}
}


@article{le2018ocean,
  title={Ocean circulation modeling for operational oceanography: Current status and future challenges},
  author={Le Sommer, Julien and Chassignet, Eric P and Wallcraft, Alan J},
  journal={New frontiers in operational oceanography},
  pages={289--308},
  year={2018}
}

@inproceedings{liu2018image,
  title={Image inpainting for irregular holes using partial convolutions},
  author={Liu, Guilin and Reda, Fitsum A and Shih, Kevin J and Wang, Ting-Chun and Tao, Andrew and Catanzaro, Bryan},
  booktitle={Proceedings of ECCV},
  pages={85--100},
  year={2018}
}
@article{lucas2018using,
  title={Using deep neural networks for inverse problems in imaging: beyond analytical methods},
  author={Lucas, Alice and Iliadis, Michael and Molina, Rafael and Katsaggelos, Aggelos K},
  journal={IEEE Signal Processing Magazine},
  volume={35},
  number={1},
  pages={20--36},
  year={2018},
  publisher={IEEE}
}
@article{Mack_2020,
   title={Attention-based Convolutional Autoencoders for 3D-Variational Data Assimilation},
   volume={372},
   ISSN={0045-7825},
   url={http://dx.doi.org/10.1016/j.cma.2020.113291},
   DOI={10.1016/j.cma.2020.113291},
   journal={CMAME},
   publisher={Elsevier BV},
   author={Mack, Julian and Arcucci, Rossella and Molina-Solana, Miguel and Guo, Yi-Ke},
   year={2020},
   month={Dec},
   pages={113291}
}
@article{Brajard_2020,
   title={Combining data assimilation and machine learning to emulate a dynamical model from sparse and noisy observations: A case study with the Lorenz 96 model},
   volume={44},
   ISSN={1877-7503},
   url={http://dx.doi.org/10.1016/j.jocs.2020.101171},
   DOI={10.1016/j.jocs.2020.101171},
   journal={Journal of Computational Science},
   publisher={Elsevier BV},
   author={Brajard, Julien and Carrassi, Alberto and Bocquet, Marc and Bertino, Laurent},
   year={2020},
   month={Jul},
   pages={101171}
}

@misc{swotsciencereq,
author={SWOT NASAS/JPL Project},
title={Surface Water and Ocean Topography Mission (SWOT) Project Science Requirements Document},
  year = {2018},
  url = {https://swot.jpl.nasa.gov/system/documents/files/2176_2176_D-61923_SRD_Rev_B_20181113.pdf}
}

@misc{ceoshandbook,
title={CEOS Interoperability Handbook},
  year = {2008},
  pages={14},
  url = {https://ceos.org/document_management/Working_Groups/WGISS/Documents/WGISS_CEOS-Interoperability-Handbook_Feb2008.pdf}
}

@article{fablet_james,
author = {Fablet, R. and Chapron, B. and Drumetz, L. and Mmin, E. and Pannekoucke, O. and Rousseau, F.},
title = {Learning Variational Data Assimilation Models and Solvers},
journal = {JAMES},
volume = {n/a},
number = {n/a},
pages = {e2021MS002572},
keywords = {data assimilation, physics-informed schemes, deep learning, end-to-end learning, optimizer learning},
doi = {https://doi.org/10.1029/2021MS002572},
url = {https://agupubs.onlinelibrary.wiley.com/doi/abs/10.1029/2021MS002572},
eprint = {https://agupubs.onlinelibrary.wiley.com/doi/pdf/10.1029/2021MS002572}

}
@article{kingma2014adam,
  title={Adam: A method for stochastic optimization},
  author={Kingma, Diederik P and Ba, Jimmy},
  journal={arXiv preprint arXiv:1412.6980},
  year={2014}
}

@misc{noauthor_pytorch_nodate,
	title = {{PyTorch}},
	url = {https://www.pytorch.org},
	abstract = {An open source deep learning platform that provides a seamless path from research prototyping to production deployment.},
	language = {en},
	urldate = {2020-05-15},
	note = {Library Catalog: pytorch.org},
}

@misc{swot_simulator,
title = {SWOT simulator},
url = {https://github.com/SWOTsimulator/swotsimulator},
}

@InProceedings{10.1007/BFb0080117,
author="Gaffney, P. W.
and Powell, M. J. D.",
editor="Watson, G. Alistair",
title="Optimal interpolation",
booktitle="Numerical Analysis",
year="1976",
publisher="Springer Berlin Heidelberg",
address="Berlin, Heidelberg",
pages="90--99",
abstract="The classical interpolation problem is considered of estimating a function of one variable, f(.), given a number of function values f(xi), i=1,2,...,m. If a bound on {\textbardbl}f(k)(.){\textbardbl}∞ is given also, k≤m, then bounds on f($\zeta$) can be found for any $\zeta$. A method of calculating the closest bounds is described, which is shown to be relevant to the problem of finding the interpolation formula whose error is bounded by the smallest possible multiple of {\textbardbl}f(k)(.){\textbardbl}∞, when {\textbardbl}f(k)(.){\textbardbl}∞ is unknown. This formula is identified and is called the optimal interpolation formula. The corresponding interpolating function is a spline of degree (k-1) with (m-k) knots, so it is very suitable for practical computation.",
isbn="978-3-540-38129-7"
}

@article{ajayi2020spatial,
  title={Spatial and Temporal Variability of the North Atlantic Eddy Field From Two Kilometric-Resolution Ocean Models},
  author={Ajayi, Adekunle and Le Sommer, Julien and Chassignet, Eric and Molines, Jean-Marc and Xu, Xiaobiao and Albert, Aurelie and Cosme, Emmanuel},
  journal={Journal of Geophysical Research: Oceans},
  volume={125},
  number={5},
  pages={e2019JC015827},
  year={2020},
  publisher={Wiley Online Library}
}

@article{ajayi2021diagnosing,
  title={Diagnosing cross-scale kinetic energy exchanges from two submesoscale permitting ocean models.},
  author={Ajayi, Adekunle and Le Sommer, Julien and Chassignet, Eric P and Molines, Jean-Marc and Xu, Xiaobiao and Albert, Aurelie and Dewar, William},
  journal={JAMES},
  pages={e2019MS001923},
  year={2021},
  publisher={Wiley Online Library}
}

@article{swotcalib,
author = {Gerald, Dibarboure and Ubelmann, Clement},
year = {2014},
month = {06},
pages = {4831-4869},
title = {Investigating the Performance of Four Empirical Cross-Calibration Methods for the Proposed SWOT Mission},
volume = {6},
journal = {Remote Sensing},
doi = {10.3390/rs6064831}
}