@BOOK{remo1,
  title = {De la memoire},
  publisher = {Serigraph},
  year = {1901},
  author = {Bicon, Pierre},
  address = {Paris},
  owner = {masutti},
  timestamp = {2006.06.21}
}

@ARTICLE{remo2,
  keywords = {secondary},
  author = {Georges, Christine and Dupuys, Estelle},
  title = {La blondeur décolorée. Histoire de la stupidité},
  journal = {Revue des brunes},
  year = {1974},
  volume = {12},
  pages = {125-184},
  owner = {masutti},
  timestamp = {2006.06.21}
}

@BOOK{remo3,
  keywords = {secondary},
  title = {Crise de foie},
  publisher = {Editions du Pénitent},
  year = {1999},
  author = {Aimarre, Jean},
  address = {Paris},
  owner = {masutti},
  timestamp = {2006.06.21}
}

@BOOK{remo4,
  keywords = {secondary},
  title = {Histoire d'un lac},
  publisher = {Van Dame},
  year = {2003},
  author = {Hochet, Eric},
  address = {Paris},
  owner = {masutti},
  timestamp = {2006.06.21}
}

@BOOK{remo5,
  keywords = {secondary},
  title = {Le loup et ses proies},
  publisher = {Nuit Bleue},
  year = {2005},
  author = {Kantrop, Julie},
  address = {Paris},
  owner = {masutti},
  timestamp = {2006.06.21}
}